@manual{GAP4,
  key          = "GAP",
  organization = "The GAP~Group",
  title        = "{GAP -- Groups, Algorithms, and Programming,
                  Version 4.8.6}",
  year         = 2016,
  url          = "\verb+(http://www.gap-system.org)+",
}

@book {BannaiIto,
    AUTHOR = {Bannai, Eiichi and Ito, Tatsuro},
     TITLE = {Algebraic combinatorics. {I}},
      NOTE = {Association schemes},
 PUBLISHER = {The Benjamin/Cummings Publishing Co., Inc., Menlo Park, CA},
      YEAR = {1984},
     PAGES = {xxiv+425},
      ISBN = {0-8053-0490-8},
   MRCLASS = {05-01},
  MRNUMBER = {882540},
}

@misc{Hanaki,
  author = {Hanaki, Akihide and Miyamoto, Izumi }
  title = {Classification of association schemes with small vertices},
  howpublished = {\url{http://math.shinshu-u.ac.jp/~hanaki/as/}},
  note = {Accessed: 2010-09-30}
}

@misc{ FinInG,
  author =           {Bamberg,  J.  and Betten, A. and De Beule, J. and Cara, P. and Lavrauw,
                      M. and Neunhoeffer, M.},
  title =            {{FinInG}, Finite Incidence Geometry, {V}ersion 1.4.1},
  month =            {Mar},
  year =             {2018},
  note =             {Refereed GAP package},
  howpublished =     {\href {http://www.fining.org} {\texttt{http://www.fining.org}}},
  keywords =         {FinInG; finite; geometry},
  printedkey =       {BBBCLN18}
}

@misc{ GUAVA,
  author =           {Baart, R. and Boothby, T. and Cramwinckel, J. and Fields, J. and Joyner,
                      D.  and  Miller, R. and Minkes, E. and Roijackers, E. and Ruscio, L. and
                      Tjhai, C.},
  title =            {{GUAVA},  a  GAP  package  for  computing  with  error-correcting codes,
                      {V}ersion 3.14},
  month =            {Mar},
  year =             {2018},
  note =             {Refereed GAP package},
  howpublished =     {\href                             {https://gap-packages.github.io/guava}
                      {\texttt{https://gap-packages.github.io/}\discretionary
                      {}{}{}\texttt{guava}}},
  keywords =         {code;  codeword; Hamming; linear code; nonlinear code; minimum distance;
                      minimum   weight;  error-correcting  block  codes;  decoding;  generator
                      matrix; check matrix; covering radius; weight distribution; automorphism
                      group of code},
  printedkey =       {BBCFJMMRRT18}
}



@book {Godsil,
    AUTHOR = {Godsil, C. D.},
     TITLE = {Algebraic combinatorics},
    SERIES = {Chapman and Hall Mathematics Series},
 PUBLISHER = {Chapman \& Hall, New York},
      YEAR = {1993},
     PAGES = {xvi+362},
      ISBN = {0-412-04131-6},
   MRCLASS = {05-01},
  MRNUMBER = {1220704},
MRREVIEWER = {Andrew Woldar},
}

@book{cameron, place={Cambridge}, series={London Mathematical Society Student Texts}, title={Permutation Groups}, DOI={10.1017/CBO9780511623677}, publisher={Cambridge University Press}, author={Cameron, Peter J.}, year={1999}, collection={London Mathematical Society Student Texts}}

@manual{autodoc,
  Author = {Gutsche, Sebastian and Horn, Max},
  Key = {autodoc},
  Title = {{AutoDoc -- a GAP package, Version 2017.09.15}},
  Url = {\verb+(https://gap-packages.github.io/AutoDoc)+},
  Year = 2017
}

@manual{packagemaker,
  Author = {Horn, Max},
  Key = {packagemaker},
  Title = {{PackageMaker -- a GAP package, Version 0.8}},
  Url = {\verb+(https://fingolfin.github.io/PackageMaker)+},
  Year = 2016
}
